@article{Adachi1983,
 author = {Adachi, Shizuko},
 title = {Spreading width of gamow-teller resonances in 208Bi},
 journal = {Physics Letters B},
 year = {1983},
 number = {1},
 volume = {125},
 pages = {5--8},
}

@article{Agrawal2003,
 author = {Agrawal, B. K. and Shlomo, S. and Kim Au, V.},
 title = {Nuclear matter incompressibility coefficient in relativistic and nonrelativistic microscopic models},
 journal = {Phys. Rev. C},
 publisher = {American Physical Society},
 year = {2003},
 month = {Sep},
 volume = {68},
 pages = {031304},
 doi = {10.1103/PhysRevC.68.031304},
 issue = {3},
}

@article{Auerbach:1984,
 author = {Auerbach, N. and Klein, A.},
 title = {Structure of isovector spin excitations in nuclei},
 journal = {Phys. Rev. C},
 year = {1984},
 volume = {30},
 pages = {1032--1043}
}

@article{Avignone2008,
 author = {Avignone, Frank T. and Elliott, Steven R. and Engel, Jonathan},
 title = {Double beta decay, Majorana neutrinos, and neutrino mass},
 journal = {Rev. Mod. Phys.},
 publisher = {American Physical Society},
 year = {2008},
 month = {Apr},
 volume = {80},
 pages = {481--516},
 doi = {10.1103/RevModPhys.80.481},
 issue = {2},
}

@article{Bai2009,
 author = {Bai, C L and Sagawa, H and Zhang, H Q and Zhang, X Z and Col\`{o}, G and Xu, F R},
 title = {Effect of tensor correlations on Gamow-Teller states in 90Zr and 208Pb},
 journal = {Phys. Lett. B},
 year = {2009},
 month = {May},
 number = {1},
 volume = {675},
 pages = {28},
 doi = {10.1016/j.physletb.2009.03.077},
}

@article{Bai2013,
 author = {Bai, C. L. and Sagawa, H. and Sasano, M. and Uesaka, T. and Hagino, K. and Zhang, H. Q. and Zhang, X. Z. and Xu, F. R.},
 title = {Role of pairing in Gamow-Teller states in nuclei},
 journal = {Physics Letters B },
 year = {2013},
 number = {13},
 volume = {719},
 pages = {116--120},
 doi = {http://dx.doi.org/10.1016/j.physletb.2012.12.060},
}

@article{Bai2014,
 author = {Bai, C. L. and Sagawa, H. and Col\`o, G. and Fujita, Y. and Zhang, H. Q. and Zhang, X. Z. and Xu, F. R.},
 title = {Low-energy collective Gamow-Teller states and isoscalar pairing interaction},
 journal = {Phys. Rev. C},
 publisher = {American Physical Society},
 year = {2014},
 month = {Nov},
 volume = {90},
 pages = {054335},
 doi = {10.1103/PhysRevC.90.054335},
 issue = {5},
}

@article{Litvinova_2009,
 author = {Litvinova, E. and Loens, H. P. and Langanke, K. and Mart√≠nez-Pinedo, G. and Rauscher, T. and Ring, P. and Thielemann, F. -K. and Tselyaev, V.},
 title = {Low-lying dipole response in the relativistic quasiparticle time blocking approximation and its influence on neutron capture cross sections},
 journal = {Nuclear Physics A},
 publisher = {Elsevier BV},
 year = {2009},
 month = {may},
 number = {1-4},
 volume = {823},
 pages = {26--37},
 url = {https://doi.org/10.1016%2Fj.nuclphysa.2009.03.009},
 doi = {10.1016/j.nuclphysa.2009.03.009}
}

@article{Mumpower2016,
 author = {Mumpower, M. R. and Surman, R. and McLaughlin, G. C. and Aprahamian, A.},
 title = {The impact of individual nuclear properties onr-process nucleosynthesis},
 journal = {Prog. Part. Nucl. Phys.},
 publisher = {Elsevier {BV}},
 year = {2016},
 month = {January},
 volume = {86},
 pages = {86--126},
 url = {https://doi.org/10.1016/j.ppnp.2015.09.001},
 doi = {10.1016/j.ppnp.2015.09.001}
}

@article{Niu_2009,
 author = {Niu, Y. F. and Paar, N. and Vretenar, D. and Meng, J.},
 title = {Low-energy monopole and dipole response in nuclei at finite temperature},
 journal = {Physics Letters B},
 publisher = {Elsevier BV},
 year = {2009},
 month = {nov},
 number = {4},
 volume = {681},
 pages = {315--319},
 url = {https://doi.org/10.1016%2Fj.physletb.2009.10.046},
 doi = {10.1016/j.physletb.2009.10.046}
}

@article{Placeholder:01,
     author = {Placeholder},
     title = {To be entered later},
     journal = {Unrep. Res.},
     year = {1983}
}

@article{Placeholder:02,
     author = {Placeholder},
     title = {To be entered later},
     journal = {Unrep. Res.},
     year = {1983}
}
@article{Placeholder:03,
     author = {Placeholder},
     title = {To be entered later},
     journal = {Unrep. Res.},
     year = {1983}
}
@article{Placeholder:04,
     author = {Placeholder},
     title = {To be entered later},
     journal = {Unrep. Res.},
     year = {1983}
}

@article{Placeholder:05,
     author = {Placeholder},
     title = {To be entered later},
     journal = {Unrep. Res.},
     year = {1983}
}

@article{Placeholder:06,
     author = {Placeholder},
     title = {To be entered later},
     journal = {Unrep. Res.},
     year = {1983}
}
@article{Placeholder:07,
     author = {Placeholder},
     title = {To be entered later},
     journal = {Unrep. Res.},
     year = {1983}
}
@article{Placeholder:08,
     author = {Placeholder},
     title = {To be entered later},
     journal = {Unrep. Res.},
     year = {1983}
}

@article{Placeholder:09,
     author = {Placeholder},
     title = {To be entered later},
     journal = {Unrep. Res.},
     year = {1983}
}

@article{discover,
     author = {Placeholder},
     title = {To be entered later},
     journal = {Unrep. Res.},
     year = {1983}
}

@article{Capote2009,
     author = {Placeholder},
     title = {To be entered later},
     journal = {Unrep. Res.},
     year = {1983}
}

@article{Martini2016,
     author = {Placeholder},
     title = {To be entered later},
     journal = {Unrep. Res.},
     year = {1983}
}

@article{Goriely2018,
     author = {Placeholder},
     title = {To be entered later},
     journal = {Unrep. Res.},
     year = {1983}
}

@article{Paar2003,
     author = {Placeholder},
     title = {To be entered later},
     journal = {Unrep. Res.},
     year = {1983}
}

@article{Paar2007,
     author = {Placeholder},
     title = {To be entered later},
     journal = {Unrep. Res.},
     year = {1983}
}

@article{Niu,
     author = {Placeholder},
     title = {To be entered later},
     journal = {Unrep. Res.},
     year = {1983}
}

@article{Vretenar,
     author = {Placeholder},
     title = {To be entered later},
     journal = {Unrep. Res.},
     year = {1983}
}

@article{GorielyNPA2002,
     author = {Placeholder},
     title = {To be entered later},
     journal = {Unrep. Res.},
     year = {1983}
}

@article{GorielyPLB1998,
     author = {Placeholder},
     title = {To be entered later},
     journal = {Unrep. Res.},
     year = {1983}
}

@article{Goriely2019,
     author = {Placeholder},
     title = {To be entered later},
     journal = {Unrep. Res.},
     year = {1983}
}

@article{Litvinova2013,
     author = {Placeholder},
     title = {To be entered later},
     journal = {Unrep. Res.},
     year = {1983}
}

@article{Yuksel2017,
     author = {Placeholder},
     title = {To be entered later},
     journal = {Unrep. Res.},
     year = {1983}
}

@article{Yuksel2019,
     author = {Placeholder},
     title = {To be entered later},
     journal = {Unrep. Res.},
     year = {1983}
}

@article{Niu2013,
     author = {Placeholder},
     title = {To be entered later},
     journal = {Unrep. Res.},
     year = {1983}
}

@article{Yuksel,
     author = {Placeholder},
     title = {To be entered later},
     journal = {Unrep. Res.},
     year = {1983}
}

@article{Gambarcuta,
     author = {Placeholder},
     title = {To be entered later},
     journal = {Unrep. Res.},
     year = {1983}
}

@article{Niksic,
     author = {Placeholder},
     title = {To be entered later},
     journal = {Unrep. Res.},
     year = {1983}
}

@article{Nucl_Data_Sheets_110_3107,
     author = {Placeholder},
     title = {To be entered later},
     journal = {Unrep. Res.},
     year = {1983}
}

@article{Goriely2002,
     author = {Placeholder},
     title = {To be entered later},
     journal = {Unrep. Res.},
     year = {1983}
}

@article{Goriely2004,
     author = {Placeholder},
     title = {To be entered later},
     journal = {Unrep. Res.},
     year = {1983}
}

@article{Lala,
     author = {Placeholder},
     title = {To be entered later},
     journal = {Unrep. Res.},
     year = {1983}
}

